@inbook{contextual-design,
  title={{Contextual Design: Defining Customer-Centered Systems}},
  author={{Hugh Beyer und Karen Holtzblatt}},
  isbn={978-1558604117},
  year={1997},
  publisher={Morgan Kaufmann},
  pages={64-66}
}

@article{methods-of-data-collection,
  title={{Methods of data collection in qualitative research: interviews and focus groups}},
  author={{P. Gill, K. Stewart, E. Treasure und B. Chadwick}},
  journal={British Dental Journal},
  volume={204},
  year={2008},
  pages={292}
}

% S. 121 ff. allgemein Leitfadeninterview
% S. 126 "so offen wie möglich"
@book{methoden-in-der-naturwissenschaft,
  title={{Methoden in der naturwissenschaftsdidaktischen Forschung}},
  author={{Dirk Krüger, Ilka Parchmann und Horst Schecker}},
  isbn={978-3-642-37827-0},
  year={2014},
  publisher={Springer-Verlag Berlin Heidelberg},
}

% Interview allgemein 559 ff.
% S. 563 "so offen wie möglich" 
@book{handbuch-methoden-der-empirischen-sozialforschung,
  title={{Handbuch Methoden der empirischen Sozialforschung}},
  author={{Nina Baur und Jörg Blasius}},
  isbn={978-3-531-18939-0},
  year={2014},
  publisher={Springer Fachmedien Wiesbaden}, 
}

% S. 95 One-on-one setting
% S. 97 "Daten anonymisieren" 
@book{game-research-methods,
  title={{Game Research Methods: An Overview}},
  author={{Petri Lankoski und Staffan Björk}},
  isbn={978-1-312-88474-8},
  year={2015},
  publisher={ETC Press},
}

@article{gender-maze,
  title={{Convergent Validity and Sex Differences in Healthy Elderly Adults for Performance on 3D Virtual Reality Navigation Learning and 2D Hidden Maze Tasks}},
  author={{William J. Tippett, Jang-Han Lee, Richard Mraz, Konstantine K. Zakzanis, Peter J. Snyder, Sandra E. Black und Simon J. Graham}},
  journal={Cyberpsychology, Behavior, and Social Networking},
  volume={12},
  number={2},
  year={2009},
  pages={169-174}
}

@article{gender-shopping,
  title={{Gender differences in spatial knowledge acquired through simulated exploration of a virtual shopping centre}},
  author={{Michael Tlauka, Andrew Brolese, Diane Pomeroy und Wayne Hobbs}},
  journal={Journal of Environmental Psychology},
  volume={25},
  number={1},
  year={2005},
  pages={111-118}
}

@article{gender-items-in-mmo,
  title={{Exploring the behvaioral patterns of learners in an educational massively multiple online role-playing game (MMORPG)}},
  author={{Huei-Tse Hou}},
  journal={Computers \& Education},
  volume={58},
  number={4},
  year={2012},
  pages={1225-1233}
}

@article{gender-clothes,
  title={{Even in virtual environments women shop and men build: A social role perspective on Second Life}},
  author={{Rosanna E. Guadagno, Nicole L. Muscanell, Bradley M. Okdie, Nanci M. Burk und Thomas B. Ward}},
  journal={Computers in Human Behavior},
  volume={27},
  number={1},
  year={2011},
  pages={304-308}
}

@inbook{intermediate-japanese,
  title={{Intermediate Japanese A Grammar and Workbook}},
  author={{Takae Tsujioka und Shoko Hamano}},
  isbn={9780203124413},
  year={2012},
  publisher={Routledge},
  pages={xii}
}

@online{controller-japanese,
  author = {Jon Porter},
  title = {{Japanese PS4s can now use the X button to select, but why couldn’t they do that already?}},
  year = {2019},
  url = {https://www.theverge.com/2019/3/9/18255901/ps4-x-o-cross-circle-remap-firmware-6-50-dualshock-4},
  urldate = {2021-11-20}
}

@online{discord,
  title = {{Discord}},
  url = {https://discord.com/},
  urldate = {2021-11-20}
}

@inbook{online-marktforschung,
  title={{Online-Marktforschung - Theoretische Grundlagen und praktische Erfahrungen}},
  author={{Axel Theobald, Marcus Dreyer und Thomas Starsetzki}},
  isbn={978-3-322-99429-5},
  year={2001},
  publisher={Gabler Verlag},
  pages={130}
}

@article{value-online-survey,
  title={{The value of online surveys}},
  author={{Joel R. Evans und Anil Mathur}},
  journal={Internet Research},
  volume={15},
  number={2},
  year={2005},
  pages={195-219}
}

% Personas in general 123 f. 
% The elastic user 127
% Stereotypical personas 128
@book{cooper-alan,
  title={{The Inmates are Running the Asylum. Why High-Tech Products Drive Us Crazy and How to Restore the Sanity}},
  author={{Alan Cooper}},
  isbn={0-672-32614-0},
  year={2004},
  publisher={Sams Publishing},
}

@inbook{tagungsband,
  title={{Tagungsband UP04 - Personas in der Softwareentwicklung}},
  author={{Astrid Beck}},
  year={2004},
  publisher={Fraunhofer Verlag},
  pages={104-107}
}

@inbook{game-user-research,
  title={{Games User Research}},
  author={{Anders Drachen, Pejman Mirza-Babaei und Lennart Nacke}},
  year={2018},
  publisher={Oxford University Press},
  pages={99}
}

@inbook{story-driven-modeling,
  title={{Story Driven Modeling}},
  author={{Ulrich Norbisrath, Ruben Jubeh und Albert Zündorf}},
  isbn={978-1483949253}, 
  year={2013},
  publisher={CreateSpace Independent Publishing Platform},
  pages={29} 
}

@online{google-forms,
  title = {{Google Formulare}},
  url = {https://www.google.de/intl/de/forms/about/},
  urldate = {2021-11-20}
}

@online{r-project,
  title = {{The R Project for Statistical Computing}},
  url = {https://www.r-project.org/},
  urldate = {2021-11-20}
}

@online{discord-tos,
  title = {{https://discord.com/terms}},
  url = {https://discord.com/terms},
  urldate = {2021-11-20}
}

% Ordinalskala S. 11
% Klassenbreite S. 24
% Signifikanzniveau S. 350
@book{elementare-stochastik,
  title={{Elementare Stochastik - Mathematische Grundlagen und didaktische Konzepte}},
  author={{Herbert Kütting und Martin J. Sauer}},
  isbn={978-3-642-40857-1},
  year={2014},
  publisher={Springer-Verlag Berlin Heidelberg},
}

@online{imdb-release,
  title = {{Internet Movie Database (IMDb) - Digimon Adventure Release Dates}},
  url = {https://www.imdb.com/title/tt0211145/releaseinfo?ref_=tt_ov_rdat},
  urldate = {2021-11-20}
}

@online{mal-adventure,
  title = {{MyAnimeList- Digimon Adventure}},
  url = {https://myanimelist.net/anime/552/Digimon_Adventure},
  urldate = {2021-11-20}
}

@online{anidb-adventure,
  title = {{aniDB- Digimon Adventure}},
  url = {https://anidb.net/perl-bin/animedb.pl?show=anime&aid=234},
  urldate = {2021-11-20}
}

@inbook{manga-brunner,
  title={{Manga - Die Faszination der Bilder}},
  author={{Miriam Brunner}},
  isbn={978-3-7705-4832-3},
  year={2010},
  publisher={Wilhelm Fink},
  pages={116} 
}
% ^ please check

@online{rdoc-pacman,
  title = {{RDocumentation - pacman package}},
  url = {https://www.rdocumentation.org/packages/pacman/versions/0.5.1},
  urldate = {2021-11-20}
}

@inbook{statistik-datenanalyse,
  title={{Statistik - Der Weg zur Datenanalyse}},
  author={{Ludwig Fahrmeir, Christian Heumann, Rita Künstler, Iris Pigeot und Gerhard Tutz}},
  isbn={978-3-662-50372-0},
  year={2016},
  publisher={Springer-Verlag Berlin Heidelberg},
  pages={133} 
}

@online{ggscatter,
  title = {{RDocumentation - ggscatter: Scatter plot}},
  url = {https://www.rdocumentation.org/packages/ggpubr/versions/0.4.0/topics/ggscatter},
  urldate = {2021-11-20}
}

@online{jitter,
  title = {{RDocumentation - jitter}},
  url = {https://www.rdocumentation.org/packages/base/versions/3.6.2/topics/jitter},
  urldate = {2021-11-20}
}

@software{github-survey,
    author = {Julian Holfeld},
    title = {{Digimon World Survey: Demographic data and preferences}},
    url = {https://github.com/Morphclue/digimon-world-survey},
    version = {1.0.0}
}

@software{github-transcripts,
    author = {Julian Holfeld},
    title = {{Transcripts of interviews about Digimon World}},
    url = {https://github.com/Morphclue/digimon-world-transcripts},
    version = {1.0.0}
}

@software{github-bachelor-thesis,
    author = {Julian Holfeld},
    title = {{Conception and development of a role-playing game}},
    url = {https://github.com/Morphclue/bachelor-thesis},
    version = {1.0.0}
}

@software{github-evo-world,
    author = {Julian Holfeld},
    title = {{EvoWorld: A virtual pet role-playing game based on Digimon World}},
    url = {https://github.com/Morphclue/evo-world},
    version = {1.0.0}
}

@inbook{scrum-user-stories,
  title={{SCRUM mit User Stories}},
  author={{Ralf Wirdemann}},
  isbn={978-3-446-45052-3},
  year={2017},
  publisher={Carl Hanser Verlag},
  pages={57} 
}

@book{user-stories,
  title={{User Stories für die agile Software-Entwicklung mit SCRUM, XP u.a.}},
  author={{Mike Cohn}},
  isbn={978-3-8266-5898-3},
  year={2010},
  publisher={mitp},
}

@inbook{cohen-power,
  title={{Statistical Power Analysis for the Behavioral Sciences}},
  author={{Jacob Cohen}},
  isbn={0-8058-0283-5},
  year={1988},
  publisher={Lawrence Erlbaum Associates},
  pages={80} 
}

@inbook{unit-tests,
  title={{Unit Test Frameworks}},
  author={{Paul Hamill}},
  isbn={9780596006891},
  year={2004},
  publisher={O'Reilly Media},
  pages={1} 
}

@article{difference-development,
  title={{Cowboys, Ankle Sprains, and Keepers of Quality: How Is Video Game Development Different from Software Development?}},
  author={{Emerson Murphy-Hill, Thomas Zimmermann und Nachiappan Nagappan }},
  journal={ICSE 2014: Proceedings of the 36th International Conference on Software Engineering},
  year={2014},
  pages={1-11}
}

@article{testing-game-dev,
  title={{Computer Games Are Serious Business and so is their Quality: Particularities of Software Testing in Game Development from the Perspective of Practitioners}},
  author={{Ronnie E. S. Santos, Cleyton V. C. Magalhães, Luiz Fernando Capretz, Jorge S. Correia-Neto, Fabio Q. B. da Sil und Abdelrahman Saher}},
  journal={ESEM '18: Proceedings of the 12th ACM/IEEE International Symposium on Empirical Software Engineering and Measurement},
  volume={18},
  number={33},
  year={2018},
  pages={1-10}
}

@article{no-unit-tests,
  title={{What Do Game Developers Test in Their Products?}},
  author={{Jussi Kasurinen und Kari Smolander}},
  journal={ESEM '14: Proceedings of the 8th ACM/IEEE International Symposium on Empirical Software Engineering and Measurement},
  volume={14},
  number={1},
  year={2014},
  pages={1-10}
}

@online{github-issues,
  title = {{Github - Issues}},
  url = {https://github.com/features/issues/},
  urldate = {2021-11-20}
}

@online{github-kanban,
  title = {{Github - Informationen zu Projektboards}},
  url = {https://docs.github.com/en/issues/organizing-your-work-with-project-boards/managing-project-boards/about-project-boards},
  urldate = {2021-11-20}
}

@inbook{kanban-oreilly,
  title={{Learning Agile: Understanding Scrum, XP, Lean, and Kanban}},
  author={{Andrew Stellman und Jennifer Greene}},
  isbn={978-1-449-33192-4},
  year={2014},
  publisher={O'Reilly Media},
  pages={327-332} 
}

@online{marcosuess,
  title = {{LinkedIn - Marco Süß}},
  url = {https://www.linkedin.com/in/marcosuess/},
  urldate = {2021-11-20}
}

@online{metacritic-gamerankings,
  title = {{Internet Archive: GameRankings - Digimon World}},
  url = {https://web.archive.org/web/20191209014751/http://www.gamerankings.com/ps/913684-digimon-world/index.html},
  urldate = {2021-11-20}
}

@online{ign,
  title = {{IGN - Digimon World}},
  url = {https://www.ign.com/articles/2000/07/06/digimon-world},
  urldate = {2021-11-20}
}

@online{gamespot,
  title = {{GameSpot - Digimon World Review}},
  url = {https://www.gamespot.com/reviews/digimon-world-review/1900-2597813/},
  urldate = {2021-11-20}
}

@online{flyingtiger,
  title = {{Internet Archive: Flying Tiger Development - Digimon World}},
  url = {https://web.archive.org/web/20060810110429/http://www.ftdgames.com/games/digimon.asp},
  urldate = {2021-11-20}
}

@online{lineup,
  title = {{Internet Archive: BEC - Lineup}},
  url = {https://web.archive.org/web/20100202223105/http://www.bec.co.jp/title.php#y1999},
  urldate = {2021-11-20}
}

@online{mobygames,
  title = {{MobyGames - Digimon World Releases}},
  url = {https://www.mobygames.com/game/digimon-world/release-info},
  urldate = {2021-11-20}
}

@online{korea-multi,
  title = {{Internect Archive: Digimon World PC - Multi Enterprise}},
  url = {https://web.archive.org/web/20050407184657/http://www.multi-e.co.kr/product_2.htm#story},
  urldate = {2021-11-20}
}

@online{vgchartz,
  title = {{VGChartz - Digimon World (PS)}},
  url = {https://www.vgchartz.com/game/522/digimon-world/?region=All},
  urldate = {2021-11-20}
}

@online{epicplay,
  title = {{Internect Archive: Epic Play Brasil - Digimon World}},
  url = {https://web.archive.org/web/20171201034029/https://epicplay.com.br/digimon-world/},
  urldate = {2021-11-20}
}

@online{gamefaqglitch,
  title = {{GameFAQs - Digimon World Glitch FAQ}},
  url = {https://gamefaqs.gamespot.com/ps/913684-digimon-world/faqs/53086},
  urldate = {2021-11-20}
}

@inbook{pal-vs-ntsc,
  title={{Modern Television Systems to HDTV and beyond}},
  author={{Jim Slater}},
  isbn={0-203-26370-7},
  year={1991},
  publisher={Pitman Publishing},
  pages={1-55}
}

@online{gool,
  title = {{Making Crash Bandicoot – GOOL – part 9}},
  url = {https://all-things-andy-gavin.com/2011/03/12/making-crash-bandicoot-gool-part-9/},
  urldate = {2021-11-20}
}

@online{psx-architecture,
  title = {{PlayStation Architecture - A Practical Analysis by Rodrigo Copetti}},
  url = {https://www.copetti.org/writings/consoles/playstation/},
  urldate = {2021-11-20}
}

@online{github-dw1code,
  title = {{GitHub: SydMontague - DW1-Code}},
  url = {https://github.com/SydMontague/DW1-Code},
  urldate = {2021-11-20}
}

@inbook{virtual-pet,
  title={{Andrew Rollings and Ernest Adams on Game Design}},
  author={{Andrew Rollings und Ernest Adams}},
  isbn={978-1-59273-001-8},
  year={2003},
  publisher={New Riders},
  pages={477–487}
}

@online{cheatengine,
  title = {{Cheat Engine}},
  url = {https://www.cheatengine.org/},
  urldate = {2021-11-20}
}

@online{ghidra,
  title = {{Ghidra}},
  url = {https://ghidra-sre.org/},
  urldate = {2021-11-20}
}

@online{psxfin,
  title = {{Internect Archive: pSX emulator}},
  url = {https://web.archive.org/web/20130719210542/http://psxemulator.gazaxian.com:80/},
  urldate = {2021-11-20}
}

@online{digivolution,
  title = {{Digivolution Tool}},
  url = {https://www.phoenix-staffel.de/digimon/DigimonWorld/evolution.html},
  urldate = {2021-11-20}
}

@online{calculatedamage,
  title = {{GitHub: SydMontague - calculateDamage.c}},
  url = {https://gist.github.com/SydMontague/e527a24e9a1d1f7a2ea054d72e762ced},
  urldate = {2021-11-20}
}

@online{combat-asm,
  title = {{GitHub: SydMontague - combatMainUNFINISHED.asm}},
  url = {https://github.com/SydMontague/DW1-Code/blob/master/BTL_REL.BIN/combatMainUNFINISHED.asm},
  urldate = {2021-11-20}
}

@online{move-tool,
  title = {{Fliegenfuerst - Movelearning Tool}},
  url = {https://fliegenfuerst.github.io/dw1/moves},
  urldate = {2021-11-20}
}

@online{dw-training,
  title = {{Fliegenfuerst - Training Calculator}},
  url = {https://fliegenfuerst.github.io/dw1/training},
  urldate = {2021-11-20}
}

@inproceedings{taxonomy,
  title={{A Taxonomy of Game Engines and the Tools that Drive the Industry}},
  author={{Marcus Toftedahl und Henrik Engström}},
  booktitle={DiGRA \&\#3919 - Proceedings of the 2019 DiGRA International Conference: Game, Play and the Emerging Ludo-Mix},
  year={2019},
}

@online{most-projects,
  title = {{Itch.io - Most projects}},
  url = {https://itch.io/game-development/engines/most-projects},
  urldate = {2021-11-20}
}

@online{duck-typing,
  title = {{Python Glossary - duck-typing}},
  url = {https://docs.python.org/3/glossary.html#term-duck-typing},
  urldate = {2021-11-20}
}

@online{godot-dynamic-lang,
  title = {{Godot Docs - GDScript: An introduction to dynamic languages}},
  url = {https://docs.godotengine.org/en/stable/getting_started/scripting/gdscript/gdscript_advanced.html},
  urldate = {2021-11-20}
}

@online{godot-static,
  title = {{Godot Engine - GDScript progress report: Typed instructions}},
  url = {https://godotengine.org/article/gdscript-progress-report-typed-instructions},
  urldate = {2021-11-20}
}

@online{unreal-garbage,
  title = {{Unreal Engine Docs - Unreal Object Handling}},
  url = {https://docs.unrealengine.com/4.27/en-US/ProgrammingAndScripting/ProgrammingWithCPP/UnrealArchitecture/Objects/Optimizations/},
  urldate = {2021-11-20}
}

@online{unreal-reflection,
  title = {{Unreal Engine Docs - Unreal Property System (Reflection)}},
  url = {https://www.unrealengine.com/en-US/blog/unreal-property-system-reflection},
  urldate = {2021-11-20}
}

@online{unreal-price,
  title = {{Unreal Engine - Licensing Options}},
  url = {https://www.unrealengine.com/en-US/download},
  urldate = {2021-11-20}
}

@online{unity-price,
  title = {{Unity Store - Compare Plans}},
  url = {https://store.unity.com/de/compare-plans},
  urldate = {2021-11-20}
}

@online{itchio-website,
  title = {{Itch.io}},
  url = {https://itch.io/},
  urldate = {2021-11-20}
}

@online{steam-website,
  title = {{Steam}},
  url = {https://store.steampowered.com/},
  urldate = {2021-11-20}
}

@online{ubisoft-website,
  title = {{Ubisoft}},
  url = {https://www.ubisoft.com/},
  urldate = {2021-11-20}
}

@online{riotgames-website,
  title = {{Riot Games}},
  url = {https://www.riotgames.com/},
  urldate = {2021-11-20}
}

@online{valve-website,
  title = {{Valve Corporation}},
  url = {https://www.valvesoftware.com/},
  urldate = {2021-11-20}
}

@online{godot-website,
  title = {{Godot Engine}},
  url = {https://godotengine.org/},
  urldate = {2021-11-20}
}

@online{godot-architecture,
  title = {{Godot Engine Docs - Architecture Diagram}},
  url = {https://docs.godotengine.org/en/stable/development/cpp/introduction_to_godot_development.html#architecture-diagram},
  urldate = {2021-11-20}
}

% 127 Singleton
% 293 Observer
@book{design-patterns-gof,
  title={{Design Patterns Elements of Reusable Object-Oriented Software}},
  author={{Erich Gamma, Richard Helm, Ralph Johnson und John Vlissides}},
  isbn={0-201-63361-2},
  year={2010},
  publisher={Addison-Wesley Professional Computing Series},
}

@online{godot-signals,
  title = {{Godot Engine Docs - Signals}},
  url = {https://docs.godotengine.org/en/stable/getting_started/step_by_step/signals.html},
  urldate = {2021-11-20}
}

@online{godot-signal-type,
  title = {{Github Issue - Implement static typing hints for signal declarations}},
  url = {https://github.com/godotengine/godot/issues/26045},
  urldate = {2021-11-20}
}

@online{godot-autoload,
  title = {{Godot Engine Docs - AutoLoad}},
  url = {https://docs.godotengine.org/en/stable/getting_started/step_by_step/singletons_autoload.html},
  urldate = {2021-11-20}
}

@online{godot-signal-warning,
  title = {{Github Issue - Erroneous Error: The signal is declared but never emitted. UNUSED\_SIGNAL}},
  url = {https://github.com/godotengine/godot/issues/40496},
  urldate = {2021-11-20}
}

@online{gamepattern-state,
  title = {{Game Programming Patterns - State}},
  url = {https://gameprogrammingpatterns.com/state.html},
  urldate = {2021-11-20}
}

@online{godot-basics,
  title = {{Godot Engine Docs - Basics}},
  url = {https://docs.godotengine.org/en/stable/getting_started/scripting/gdscript/gdscript_basics.html},
  urldate = {2021-11-20}
}

@online{rockpapershotgun-gender,
  title = {{Rock Paper Shotgun - The modders making games more gender-diverse}},
  url = {https://www.rockpapershotgun.com/the-modders-making-games-more-gender-diverse},
  urldate = {2021-11-20}
}

@book{prototyping-paper,
  title={{Effective Prototyping for Software Makers}},
  author={{Jonathan Arnowitz, Michael Arent und Nevin Berger}},
  isbn={978-0120885688},
  year={2007},
  publisher={Morgan Kaufmann},
}

@online{godot-collision,
  title = {{Godot Engine Docs - Physics introduction}},
  url = {https://docs.godotengine.org/en/stable/tutorials/physics/physics_introduction.html},
  urldate = {2021-11-20}
}

@online{godot-move-toward,
  title = {{Godot Engine Docs - Vector2}},
  url = {https://docs.godotengine.org/en/stable/classes/class_vector2.html},
  urldate = {2021-11-20}
}

@online{godot-move-and-slide,
  title = {{Godot Engine Docs - KinematicBody2D}},
  url = {https://docs.godotengine.org/en/stable/classes/class_kinematicbody2d.html},
  urldate = {2021-11-20}
}

@book{vector-math,
  title={{Höhere Mathematik 1 - Lineare Algebra}},
  author={{Walther Strampp}},
  isbn={978-3-8348-0388-7},
  year={2008},
  publisher={Vieweg},
}

@online{godot-builtins,
  title = {{Godot Engine Docs - @GDScript}},
  url = {https://docs.godotengine.org/en/stable/classes/class_%40gdscript.html},
  urldate = {2021-11-20}
}

@online{sae-institute,
  title = {{SAE Institute - Game Art \& 3D Animation}},
  url = {https://www.sae.edu/deu/de/game-art-and-3d-animation-diploma-und-bachelor},
  urldate = {2021-11-20}
}

@online{kids-minimap,
  title = {{KidsCanCode - Minimap}},
  url = {https://kidscancode.org/godot_recipes/ui/minimap/},
  urldate = {2021-11-20}
}

@online{godot-itemlist,
  title = {{Godot Engine Docs - ItemList}},
  url = {https://docs.godotengine.org/en/stable/classes/class_itemlist.html},
  urldate = {2021-11-20}
}

@online{godot-gridcontainer,
  title = {{Godot Engine Docs - GridContainer}},
  url = {https://docs.godotengine.org/en/stable/classes/class_gridcontainer.html},
  urldate = {2021-11-20}
}

@online{godot-colorrect,
  title = {{Godot Engine Docs - ColorRect}},
  url = {https://docs.godotengine.org/en/stable/classes/class_colorrect.html},
  urldate = {2021-11-20}
}

@online{godot-label,
  title = {{Godot Engine Docs - Label}},
  url = {https://docs.godotengine.org/en/stable/classes/class_label.html},
  urldate = {2021-11-20}
}

@online{godot-class-engine,
  title = {{Godot Engine Docs - Engine}},
  url = {https://docs.godotengine.org/en/stable/classes/class_engine.html},
  urldate = {2021-11-20}
}

@online{github-dialogic,
  title = {{Github - Dialogic}},
  url = {https://github.com/coppolaemilio/dialogic},
  urldate = {2021-11-20}
}

@online{godot-bbcode,
  title = {{Godot Engine Docs - BBCode in RichTextLabel}},
  url = {https://docs.godotengine.org/en/stable/tutorials/gui/bbcode_in_richtextlabel.html},
  urldate = {2021-11-20}
}

@online{dzone-eventbus,
  title = {{DZone - Design Patterns: Event Bus}},
  url = {https://dzone.com/articles/design-patterns-event-bus},
  urldate = {2021-11-20}
}

% Lean Startup
% Graph S.75
@book{lean-startup,
  title={{The Lean Startup - How Today's Entrepreneurs Use Continuous Innovation to Create Radically Successfull Businesses}},
  author={{Eric Ries}},
  isbn={978-1-5247-6240-7},
  year={2017},
  publisher={Currency},
}

@inproceedings{rite-method,
  title={{Using the RITE method to improve products; a definition and a case study}},
  author={{Michael C. Medlock, Dennis Wixon, Mark Terrano, Ramon L. Romero und Bill Fulton}},
  booktitle={Usability Professionals Association},
  year={2002},
}

@online{digimon-reflections,
  title = {{Alejandro Ramirez - Reflections on finally beating Digimon World, 15 years after its release}},
  url = {https://medium.com/@ramirezalej/digimon-world-reflection-6623b62b4dc2},
  urldate = {2021-11-20}
}

@online{retro-programming-c,
  title = {{Retro Programming - The most commonly used Playstation 1 Programming Language}},
  url = {https://retro-programming.com/playstation-one-programming-language/},
  urldate = {2021-11-20}
}

@book{grundlagen-grochla,
  title={{Grundlagen der organisatorischen Gestaltung}},
  author={{Erwin Grochla}},
  isbn={3-7910-9207-3},
  year={1995},
  publisher={Schäffer-Poeschel},
}

@inbook{ist-zustand,
  title={{In zwölf Schritten einfach besser werden: Praxisleitfaden zur Unternehmensoptimierung}},
  author={{Matthias Collin}},
  isbn={978-3834921192},
  year={2010},
  publisher={Gabler},
  pages={17}
}
